@inproceedings{Siddharthan:2004:SSI:1220355.1220484,
 author = {Siddharthan, Advaith and Nenkova, Ani and McKeown, Kathleen},
 title = {Syntactic Simplification for Improving Content Selection in Multi-document Summarization},
 booktitle = {Proceedings of the 20th International Conference on Computational Linguistics},
 series = {COLING '04},
 year = {2004},
 location = {Geneva, Switzerland},
 articleno = {896},
 url = {https://doi.org/10.3115/1220355.1220484},
 doi = {10.3115/1220355.1220484},
 acmid = {1220484},
 publisher = {Association for Computational Linguistics},
 address = {Stroudsburg, PA, USA},
}
@inproceedings{papineni2002bleu,
  title={BLEU: a method for automatic evaluation of machine translation},
  author={Papineni, Kishore and Roukos, Salim and Ward, Todd and Zhu, Wei-Jing},
  booktitle={Proceedings of the 40th annual meeting on association for computational linguistics},
  pages={311--318},
  year={2002},
  organization={Association for Computational Linguistics}
}
@article{shardlow2019neural,
  title={Neural text simplification of clinical letters with a domain specific phrase table},
  author={Shardlow, Matthew and Nawaz, Raheel},
  year={2019},
  publisher={Association for Computatioal Linguistics (ACL)}
}
@inproceedings{yang2019xlnet,
  title={Xlnet: Generalized autoregressive pretraining for language understanding},
  author={Yang, Zhilin and Dai, Zihang and Yang, Yiming and Carbonell, Jaime and Salakhutdinov, Russ R and Le, Quoc V},
  booktitle={Advances in neural information processing systems},
  pages={5754--5764},
  year={2019}
}
@article{liu2019roberta,
  title={Roberta: A robustly optimized bert pretraining approach},
  author={Liu, Yinhan and Ott, Myle and Goyal, Naman and Du, Jingfei and Joshi, Mandar and Chen, Danqi and Levy, Omer and Lewis, Mike and Zettlemoyer, Luke and Stoyanov, Veselin},
  journal={arXiv preprint arXiv:1907.11692},
  year={2019}
}
@inproceedings{stolcke2002srilm,
  title={SRILM-an extensible language modeling toolkit},
  author={Stolcke, Andreas},
  booktitle={Proceedings of International Conference on Spoken Language Processing},
  year={2002}
}
@article{bengio2003neural,
  title={A neural probabilistic language model},
  author={Bengio, Yoshua and Ducharme, R{\'e}jean and Vincent, Pascal and Jauvin, Christian},
  journal={Journal of machine learning research},
  volume={3},
  number={Feb},
  pages={1137--1155},
  year={2003}
}
@inproceedings{vaswani2017attention,
  title={Attention is all you need},
  author={Vaswani, Ashish and Shazeer, Noam and Parmar, Niki and Uszkoreit, Jakob and Jones, Llion and Gomez, Aidan N and Kaiser, {\L}ukasz and Polosukhin, Illia},
  booktitle={Advances in neural information processing systems},
  pages={5998--6008},
  year={2017}
}
@inproceedings{mikolov2010recurrent,
  title={Recurrent neural network based language model},
  author={Mikolov, Tom{\'a}{\v{s}} and Karafi{\'a}t, Martin and Burget, Luk{\'a}{\v{s}} and {\v{C}}ernock{\`y}, Jan and Khudanpur, Sanjeev},
  booktitle={Eleventh annual conference of the international speech communication association},
  year={2010}
}
@inproceedings{kauchak2013improving,
  title={Improving text simplification language modeling using unsimplified text data},
  author={Kauchak, David},
  booktitle={Proceedings of the 51st annual meeting of the association for computational linguistics (volume 1: Long papers)},
  pages={1537--1546},
  year={2013}
}
@article{kloehn2018jmir,
title={Improving Consumer Understanding of Medical Text: Development and Validation of a New SubSimplify Algorithm to Automatically Generate Term Explanations in English and Spanish},
 author={Nicholas Kloehn and Gondy Leroy and David Kauchak and Yang Gu and Sonia Colina and Nicole P. Yuan and Debra Revere},
 journal={Journal of Medical Internet Research (JMIR)},
 year={2018}
}
@inproceedings{green-etal-2014-human,
    title = "Human Effort and Machine Learnability in Computer Aided Translation",
    author = "Green, Spence  and
      Wang, Sida I.  and
      Chuang, Jason  and
      Heer, Jeffrey  and
      Schuster, Sebastian  and
      Manning, Christopher D.",
    booktitle = "Proceedings of the 2014 Conference on Empirical Methods in Natural Language Processing ({EMNLP})",
    month = oct,
    year = "2014",
    address = "Doha, Qatar",
    publisher = "Association for Computational Linguistics",
    pages = "1225--1236",
}
@article{cai2016survey,
  title={A survey of query auto completion in information retrieval},
  author={Cai, Fei and De Rijke, Maarten and others},
  journal={Foundations and Trends{\textregistered} in Information Retrieval},
  year={2016},
  publisher={Now Publishers, Inc.}
}
@article{dunlop2000predictive,
  title={Predictive text entry methods for mobile phones},
  author={Dunlop, Mark D and Crossan, Andrew},
  journal={Personal Technologies},
  volume={4},
  number={2-3},
  pages={134--143},
  year={2000},
  publisher={Springer}
}
@article{khoussainova2010snipsuggest,
  title={SnipSuggest: Context-aware autocompletion for SQL},
  author={Khoussainova, Nodira and Kwon, YongChul and Balazinska, Magdalena and Suciu, Dan},
  journal={Proceedings of the VLDB Endowment},
  year={2010},
  publisher={VLDB Endowment}
}
@article{shardlow2014survey,
  title={A survey of automated text simplification},
  author={Shardlow, Matthew},
  journal={International Journal of Advanced Computer Science and Applications},
  volume={4},
  number={1},
  pages={58--70},
  year={2014}
}
@article{radford2019language,
abstract = {Natural language processing tasks, such as ques- tion answering, machine translation, reading com- prehension, and summarization, are typically approached with supervised learning on task- specific datasets. We demonstrate that language models begin to learn these tasks without any ex- plicit supervision when trained on a new dataset of millions of webpages called WebText. When conditioned on a document plus questions, the an- swers generated by the language model reach 55 F1 on the CoQA dataset - matching or exceeding the performance of 3 out of 4 baseline systems without using the 127,000+ training examples. The capacity of the language model is essential to the success of zero-shot task transfer and in- creasing it improves performance in a log-linear fashion across tasks.},
author = {Radrof, Alec and Wu, Jeffrey},
journal = {OpenAI},
title = {language model and unsupervised multitask learning},
year = {2018}
}
@article{devlin2018bert,
  title={Bert: Pre-training of deep bidirectional transformers for language understanding},
  author={Devlin, Jacob and Chang, Ming-Wei and Lee, Kenton and Toutanova, Kristina},
  journal={arXiv preprint arXiv:1810.04805},
  year={2018}
}
@article{vu2018sentence,
  title={Sentence simplification with memory-augmented neural networks},
  author={Vu, Tu and Hu, Baotian and Munkhdalai, Tsendsuren and Yu, Hong},
  journal={arXiv preprint arXiv:1804.07445},
  year={2018}
}
@article{bodenreider2004unified,
  title={The unified medical language system (UMLS): integrating biomedical terminology},
  author={Bodenreider, Olivier},
  journal={Nucleic acids research},
  volume={32},
  number={suppl\_1},
  pages={D267--D270},
  year={2004},
  publisher={Oxford University Press}
}
@book{Aho:72,
    author  = {Alfred V. Aho and Jeffrey D. Ullman},
    title   = {The Theory of Parsing, Translation and Compiling},
    year    = "1972",
    volume  = "1",
    publisher = {Prentice-Hall},
    address = {Englewood Cliffs, NJ}
}
@book{APA:83,
    author  = {{American Psychological Association}},
    title   = {Publications Manual},
    year    = "1983",
   publisher = {American Psychological Association},
   address = {Washington, DC}
}
@article{Chandra:81,
	author = {Ashok K. Chandra and Dexter C. Kozen and Larry J. Stockmeyer},
	year = "1981",
	title = {Alternation},
	journal = {Journal of the Association for Computing Machinery},
	volume = "28",
	number = "1",
	pages = "114--133",
	doi = "10.1145/322234.322243",
}
@inproceedings{andrew2007scalable,
  title={Scalable training of {L1}-regularized log-linear models},
  author={Andrew, Galen and Gao, Jianfeng},
  booktitle={Proceedings of the 24th International Conference on Machine Learning},
  pages={33--40},
  year={2007},
}
@book{Gusfield:97,
    author  = {Dan Gusfield},
    title   = {Algorithms on Strings, Trees and Sequences},
    year    = "1997",
    publisher = {Cambridge University Press},
    address = {Cambridge, UK}
}
@article{rasooli-tetrault-2015,
    author    = {Mohammad Sadegh Rasooli and Joel R. Tetreault},
    title     = {Yara Parser: {A} Fast and Accurate Dependency Parser},
    journal   = {Computing Research Repository},
    volume    = {arXiv:1503.06733},
    year      = {2015},
    url       = {http://arxiv.org/abs/1503.06733},
    note    = {version 2}
}
@article{Ando2005,
	Acmid = {1194905},
	Author = {Ando, Rie Kubota and Zhang, Tong},
	Issn = {1532-4435},
	Issue_Date = {12/1/2005},
	Journal = {Journal of Machine Learning Research},
	Month = dec,
	Numpages = {37},
	Pages = {1817--1853},
	Publisher = {JMLR.org},
	Title = {A Framework for Learning Predictive Structures from Multiple Tasks and Unlabeled Data},
	Volume = {6},
	Year = {2005}}
	
	@article{hossin2015review,
  title={A review on evaluation metrics for data classification evaluations},
  author={Hossin, Mohammad and Sulaiman, MN},
  journal={International Journal of Data Mining \& Knowledge Management Process},
  year={2015},
  publisher={Academy \& Industry Research Collaboration Center (AIRCC)}
}
@inproceedings{schwarzer2018evaluation,
	title={Human Evaluation for Text Simplification: The Simplicity-Adequacy Tradeoff},
    author = {Schwarzer, Max and Kauchak, David},
    year = {2018},
    booktitle = {Proceedings of SoCal NLP Symposium}
    }   
@inproceedings{callison2010creating,
  title={Creating speech and language data with Amazon's Mechanical Turk},
  author={Callison-Burch, Chris and Dredze, Mark},
  booktitle={Proceedings of NAACL-HLT Workshop on Creating Speech and Language Data with Amazon's Mechanical Turk},
  //pages={1--12},
  year={2010},
}
@article{zarcadoolas2010simplicity,
  title={The simplicity complex: exploring simplified health messages in a complex world},
  author={Zarcadoolas, Christina},
  journal={Health Promotion International},
  //volume={26},
  //number={3},
  //pages={338--350},
  year={2010},
}
@inproceedings{filippova2010multi,
  title={Multi-sentence compression: Finding shortest paths in word graphs},
  author={Filippova, Katja},
  booktitle={Proceedings of COLING},
  //pages={322--330},
  year={2010},
}
@inproceedings{mueller2016siamese,
  title={Siamese Recurrent Architectures for Learning Sentence Similarity},
  author={Mueller, Jonas and Thyagarajan, Aditya},
  booktitle={Proceedings of AAAI},
  year={2016}
}

@article{siddharthan2014survey,
  title={A survey of research on text simplification},
  author={Siddharthan, Advaith},
  journal={International Journal of Applied Linguistics},
  //volume={165},
  //number={2},
  //pages={259--298},
  year={2014}
}

@misc{chollet2015keras,
  title={Keras},
  author={Chollet, Fran\c{c}ois and others},
  year={2015},
  howpublished={\url{https://keras.io}},
}

@article{radford2017learning,
  title={Learning to generate reviews and discovering sentiment},
  author={Radford, Alec and Jozefowicz, Rafal and Sutskever, Ilya},
  journal={arXiv preprint arXiv:1704.01444},
  year={2017}
}

@article{herbrich1999support,
  title={Support vector learning for ordinal regression},
  author={Herbrich, Ralf and Graepel, Thore and Obermayer, Klaus},
  year={1999},
  publisher={IET}
}
@inproceedings{pedregosa2012learning,
  title={Learning to rank from medical imaging data},
  author={Pedregosa, Fabian and Cauvet, Elodie and Varoquaux, Ga{\"e}l and Pallier, Christophe and Thirion, Bertrand and Gramfort, Alexandre},
  booktitle={Proceedings of International Workshop on Machine Learning in Medical Imaging},
  //pages={234--241},
  year={2012},
}
@inproceedings{coster2011simple,
  title={Simple English Wikipedia: a new text simplification task},
  author={Coster, William and Kauchak, David},
  booktitle={Proceedings of the 49th Annual Meeting of the Association for Computational Linguistics: Human Language Technologies: short papers-Volume 2},
  pages={665--669},
  year={2011},
  organization={Association for Computational Linguistics}
}
@inproceedings{kneser1995improved,
  title={Improved backing-off for m-gram language modeling},
  author={Kneser, Reinhard and Ney, Hermann},
  booktitle={Acoustics, Speech, and Signal Processing, 1995. ICASSP-95., 1995 International Conference on},
  volume={1},
  pages={181--184},
  year={1995},
  organization={IEEE}
}
@inproceedings{loper2002nltk,
  title={NLTK: The natural language toolkit},
  author={Loper, Edward and Bird, Steven},
  booktitle={Proceedings of the ACL-02 Workshop on Effective tools and methodologies for teaching natural language processing and computational linguistics-Volume 1},
  pages={63--70},
  year={2002},
  organization={Association for Computational Linguistics}
}

@inproceedings{severyn2015learning,
  title={Learning to rank short text pairs with convolutional deep neural networks},
  author={Severyn, Aliaksei and Moschitti, Alessandro},
  booktitle={Proceedings of the 38th International ACM SIGIR Conference on Research and Development in Information Retrieval},
  pages={373--382},
  year={2015},
  organization={ACM}
}

@inproceedings{wubben12,
   author = "Sander Wubben and Antal van den Bosch and Emiel Krahmer",
   title = "Sentence Simplification by Monolingual Machine Translation",
   booktitle = "Proceedings of {ACL}",
   year = "2012"
  }

@inproceedings{papineni02,
	author = "K. Papineni and S. Roukos and T. Ward and W.J. and Zhu",
	title = "{BLEU}: a method for automatic evaluation of machine translation",
	booktitle = "Proceedings of {ACL}",
	year = "2002"
}

 @inproceedings{zhu10,
  author = "Zhemin Zhu and Delphine Bernhard and Iryna Gurevych",
  year = "2010",
  title = "A Monolingual Tree-based Translation Model for Sentence Simplification",
  booktitle = "Proceedings of {ICCL}"
}

@article{xu2015problems,
  title={Problems in current text simplification research: New data can help},
  author={Xu, Wei and Callison-Burch, Chris and Napoles, Courtney},
  journal={Transactions of the Association of Computational Linguistics},
  //volume={3},
  //number={1},
  //pages={283--297},
  year={2015}
}

@inproceedings{kim2016character,
  title={Character-Aware Neural Language Models.},
  author={Kim, Yoon and Jernite, Yacine and Sontag, David and Rush, Alexander M},
  booktitle={Proceedings of AAAI},
  //pages={2741--2749},
  year={2016}
}

@inproceedings{cheung2014unsupervised,
  title={Unsupervised Sentence Enhancement for Automatic Summarization.},
  author={Cheung, Jackie Chi Kit and Penn, Gerald},
  booktitle={EMNLP},
  pages={775--786},
  year={2014}
}

@inproceedings{filippova2008sentence,
  title={Sentence fusion via dependency graph compression},
  author={Filippova, Katja and Strube, Michael},
  booktitle={Proceedings of the Conference on Empirical Methods in Natural Language Processing},
  pages={177--185},
  year={2008},
  organization={Association for Computational Linguistics}
}

@article{barzilay2005sentence,
  title={Sentence fusion for multidocument news summarization},
  author={Barzilay, Regina and McKeown, Kathleen R},
  journal={Computational Linguistics},
  volume={31},
  number={3},
  pages={297--328},
  year={2005},
  publisher={MIT Press}
}

@inproceedings{barzilay2003learning,
  title={Learning to paraphrase: an unsupervised approach using multiple-sequence alignment},
  author={Barzilay, Regina and Lee, Lillian},
  booktitle={Proceedings of the 2003 Conference of the North American Chapter of the Association for Computational Linguistics on Human Language Technology-Volume 1},
  pages={16--23},
  year={2003},
  organization={Association for Computational Linguistics}
}

@inproceedings{koehn2007experiments,
  title={Experiments in domain adaptation for statistical machine translation},
  author={Koehn, Philipp and Schroeder, Josh},
  booktitle={Proceedings of the second workshop on statistical machine translation},
  pages={224--227},
  year={2007},
  organization={Association for Computational Linguistics}
}

@article{zhou2017neural,
  title={Neural System Combination for Machine Translation},
  author={Zhou, Long and Hu, Wenpeng and Zhang, Jiajun and Zong, Chengqing},
  journal={arXiv preprint arXiv:1704.06393},
  year={2017}
}

@article{firat2016multi,
  title={Multi-way, multilingual neural machine translation with a shared attention mechanism},
  author={Firat, Orhan and Cho, Kyunghyun and Bengio, Yoshua},
  journal={arXiv preprint arXiv:1601.01073},
  year={2016}
}

@article{zoph2016multi,
  title={Multi-source neural translation},
  author={Zoph, Barret and Knight, Kevin},
  journal={arXiv preprint arXiv:1601.00710},
  year={2016}
}

@inproceedings{rosti2007combining,
  title={Combining outputs from multiple machine translation systems},
  author={Rosti, Antti-Veikko and Ayan, Necip Fazil and Xiang, Bing and Matsoukas, Spyros and Schwartz, Richard and Dorr, Bonnie},
  booktitle={Human Language Technologies 2007: The Conference of the North American Chapter of the Association for Computational Linguistics; Proceedings of the Main Conference},
  pages={228--235},
  year={2007}
}

@inproceedings{thadani2013supervised,
  title={Supervised Sentence Fusion with Single-Stage Inference.},
  author={Thadani, Kapil and McKeown, Kathleen},
  booktitle={IJCNLP},
  pages={1410--1418},
  year={2013}
}

@inproceedings{ma2015system,
  title={System Combination for Machine Translation through Paraphrasing.},
  author={Ma, Wei-Yun and McKeown, Kathleen},
  booktitle={EMNLP},
  pages={1053--1058},
  year={2015}
}

@techreport{daume2004generic,
  title={Generic sentence fusion is an ill-defined summarization task},
  author={Daume III, Hal and Marcu, Daniel},
  year={2004},
  institution={UNIVERSITY OF SOUTHERN CALIFORNIA MARINA DEL REY INFORMATION SCIENCES INST}
}


@inproceedings{zhang2016exploiting,
  title={Exploiting Source-side Monolingual Data in Neural Machine Translation.},
  author={Zhang, Jiajun and Zong, Chengqing},
  booktitle={EMNLP},
  pages={1535--1545},
  year={2016}
}


@article{choi2017context,
  title={Context-dependent word representation for neural machine translation},
  author={Choi, Heeyoul and Cho, Kyunghyun and Bengio, Yoshua},
  journal={Computer Speech \& Language},
  volume={45},
  pages={149--160},
  year={2017},
  publisher={Elsevier}
}

@inproceedings{krahmer2008query,
  title={Query-based sentence fusion is better defined and leads to more preferred results than generic sentence fusion},
  author={Krahmer, Emiel and Marsi, Erwin and van Pelt, Paul},
  booktitle={Proceedings of the 46th Annual Meeting of the Association for Computational Linguistics on Human Language Technologies: Short Papers},
  pages={193--196},
  year={2008},
  organization={Association for Computational Linguistics}
}

@inproceedings{bangalore2001computing,
  title={Computing consensus translation from multiple machine translation systems},
  author={Bangalore, B and Bordel, German and Riccardi, Giuseppe},
  booktitle={Automatic Speech Recognition and Understanding, 2001. ASRU'01. IEEE Workshop on},
  pages={351--354},
  year={2001},
  organization={IEEE}
}

@inproceedings{frederking1994three,
  title={Three heads are better than one},
  author={Frederking, Robert and Nirenburg, Sergei},
  booktitle={Proceedings of the fourth conference on Applied natural language processing},
  pages={95--100},
  year={1994},
  organization={Association for Computational Linguistics}
}

@article{gupta2010survey,
  title={A survey of text summarization extractive techniques},
  author={Gupta, Vishal and Lehal, Gurpreet Singh},
  journal={Journal of emerging technologies in web intelligence},
  volume={2},
  number={3},
  pages={258--268},
  year={2010},
  publisher={Academy Publisher, PO Box 40 Oulu 90571 Finland}
}

@article{teufel2002summarizing,
  title={Summarizing scientific articles: experiments with relevance and rhetorical status},
  author={Teufel, Simone and Moens, Marc},
  journal={Computational linguistics},
  volume={28},
  number={4},
  pages={409--445},
  year={2002},
  publisher={MIT Press}
}

@inproceedings{jing2000cut,
  title={Cut and paste based text summarization},
  author={Jing, Hongyan and McKeown, Kathleen R},
  booktitle={Proceedings of the 1st North American chapter of the Association for Computational Linguistics conference},
  pages={178--185},
  year={2000},
  organization={Association for Computational Linguistics}
}

@article{dai2019gmail,
  title={Gmail Smart Compose: Real-Time Assisted Writing},
  author={Dai, Andrew and Lee, Benjamin and Bansal, Gagan and Tsay, Jackie and Lu, Justin and Chen, Mia and Zhang, Shuyuan and Sohn, Tim and Wang, Yinan and Wu, Yonghui and others},
  year={2019}
}

@inproceedings{marsi2005explorations,
  title={Explorations in sentence fusion},
  author={Marsi, Erwin and Krahmer, Emiel},
  booktitle={Proceedings of the European Workshop on Natural Language Generation},
  pages={109--117},
  year={2005}
}

@article{johnson2016google,
  title={Google's multilingual neural machine translation system: enabling zero-shot translation},
  author={Johnson, Melvin and Schuster, Mike and Le, Quoc V and Krikun, Maxim and Wu, Yonghui and Chen, Zhifeng and Thorat, Nikhil and Vi{\'e}gas, Fernanda and Wattenberg, Martin and Corrado, Greg and others},
  journal={arXiv preprint arXiv:1611.04558},
  year={2016}
}

@InProceedings{manning2014corenlp,
  author    = {Manning, Christopher D. and  Surdeanu, Mihai  and  Bauer, John  and  Finkel, Jenny  and  Bethard, Steven J. and  McClosky, David},
  title     = {The {Stanford} {CoreNLP} Natural Language Processing Toolkit},
  booktitle = {Association for Computational Linguistics (ACL) System Demonstrations},
  year      = {2014},
  pages     = {55--60},
}

@inproceedings{cohn2007machine,
  title={Machine translation by triangulation: Making effective use of multi-parallel corpora},
  author={Cohn, Trevor and Lapata, Mirella},
  booktitle={ANNUAL MEETING-ASSOCIATION FOR COMPUTATIONAL LINGUISTICS},
  volume={45},
  number={1},
  pages={728},
  year={2007}
}

@inproceedings{och2001statistical,
  title={Statistical multi-source translation},
  author={Och, Franz Josef and Ney, Hermann}
}

@article{bahdanau2014neural,
  title={Neural machine translation by jointly learning to align and translate},
  author={Bahdanau, Dzmitry and Cho, Kyunghyun and Bengio, Yoshua},
  journal={arXiv preprint arXiv:1409.0473},
  year={2014}
}

@article{wu2016google,
  title={Google's neural machine translation system: Bridging the gap between human and machine translation},
  author={Wu, Yonghui and Schuster, Mike and Chen, Zhifeng and Le, Quoc V and Norouzi, Mohammad and Macherey, Wolfgang and Krikun, Maxim and Cao, Yuan and Gao, Qin and Macherey, Klaus and others},
  journal={arXiv preprint arXiv:1609.08144},
  year={2016}
}

@inproceedings{rosti2007improved,
  title={Improved word-level system combination for machine translation},
  author={Rosti, Antti-Veikko I and Matsoukas, Spyridon and Schwartz, Richard},
  booktitle={Annual Meeting-Association for Computational Linguistics},
  volume={45},
  number={1},
  pages={312},
  year={2007}
}

@inproceedings{sim2007consensus,
  title={Consensus network decoding for statistical machine translation system combination},
  author={Sim, Khe Chai and Byrne, William J and Gales, Mark JF and Sahbi, Hichem and Woodland, Philip C},
  booktitle={Acoustics, Speech and Signal Processing, 2007. ICASSP 2007. IEEE International Conference on},
  volume={4},
  pages={IV--105},
  year={2007},
  organization={IEEE}
}

@inproceedings{hildebrand2008combination,
  title={Combination of machine translation systems via hypothesis selection from combined n-best lists},
  author={Hildebrand, Almut Silja and Vogel, Stephan},
  booktitle={MT at work: Proceedings of the Eighth Conference of the Association for Machine Translation in the Americas},
  pages={254--261},
  year={2008}
}

@inproceedings{koehn2007moses,
  title={Moses: Open source toolkit for statistical machine translation},
  author={Koehn, Philipp and Hoang, Hieu and Birch, Alexandra and Callison-Burch, Chris and Federico, Marcello and Bertoldi, Nicola and Cowan, Brooke and Shen, Wade and Moran, Christine and Zens, Richard and others},
  booktitle={Proceedings of the 45th annual meeting of the ACL on interactive poster and demonstration sessions},
  pages={177--180},
  year={2007},
  organization={Association for Computational Linguistics}
}

@inproceedings{sutskever2014sequence,
  title={Sequence to sequence learning with neural networks},
  author={Sutskever, Ilya and Vinyals, Oriol and Le, Quoc V},
  booktitle={Advances in neural information processing systems},
  pages={3104--3112},
  year={2014}
}

@article{firat2016zero,
  title={Zero-resource translation with multi-lingual neural machine translation},
  author={Firat, Orhan and Sankaran, Baskaran and Al-Onaizan, Yaser and Vural, Fatos T Yarman and Cho, Kyunghyun},
  journal={arXiv preprint arXiv:1606.04164},
  year={2016}
}

@inproceedings{ma2012phrase,
  title={Phrase-level system combination for machine translation based on target-to-target decoding},
  author={Ma, Wei-Yun and McKeown, Kathleen}
}

@article{nallapati2016abstractive,
  title={Abstractive text summarization using sequence-to-sequence rnns and beyond},
  author={Nallapati, Ramesh and Zhou, Bowen and Gulcehre, Caglar and Xiang, Bing and others},
  journal={arXiv preprint arXiv:1602.06023},
  year={2016}
}
@article{rush2015neural,
  title={A neural attention model for abstractive sentence summarization},
  author={Rush, Alexander M and Chopra, Sumit and Weston, Jason},
  journal={arXiv preprint arXiv:1509.00685},
  year={2015}
}

@inproceedings{chopra2016abstractive,
  title={Abstractive sentence summarization with attentive recurrent neural networks},
  author={Chopra, Sumit and Auli, Michael and Rush, Alexander M},
  booktitle={Proceedings of the 2016 Conference of the North American Chapter of the Association for Computational Linguistics: Human Language Technologies},
  pages={93--98},
  year={2016}
}

@inproceedings{marelli2014semeval,
  title={Semeval-2014 task 1: Evaluation of compositional distributional semantic models on full sentences through semantic relatedness and textual entailment},
  author={Marelli, Marco and Bentivogli, Luisa and Baroni, Marco and Bernardi, Raffaella and Menini, Stefano and Zamparelli, Roberto},
  booktitle={Proceedings of the International Workshop on Semantic Evaluation (SemEval)},
  //pages={1--8},
  year={2014}
}

@inproceedings{mikolov2013distributed,
  title={Distributed representations of words and phrases and their compositionality},
  author={Mikolov, Tomas and Sutskever, Ilya and Chen, Kai and Corrado, Greg S and Dean, Jeff},
  booktitle={Proceedings of NIPS},
  //pages={3111--3119},
  year={2013}
}

@article{scikit-learn,
 title={Scikit-learn: Machine Learning in {P}ython},
 author={Pedregosa, F. and Varoquaux, G. and Gramfort, A. and Michel, V.
         and Thirion, B. and Grisel, O. and Blondel, M. and Prettenhofer, P.
         and Weiss, R. and Dubourg, V. and Vanderplas, J. and Passos, A. and
         Cournapeau, D. and Brucher, M. and Perrot, M. and Duchesnay, E.},
 journal={Journal of Machine Learning Research},
 volume={12},
 pages={2825--2830},
 year={2011}
}

@article{DBLP:journals/corr/ChelbaMSGBK13,
  author    = {Ciprian Chelba and
               Tomas Mikolov and
               Mike Schuster and
               Qi Ge and
               Thorsten Brants and
               Phillipp Koehn},
  title     = {One Billion Word Benchmark for Measuring Progress in Statistical Language
               Modeling},
  journal   = {arXiv:1312.3005},
  //volume    = {abs/1312.3005},
  year      = {2013},
  eprint    = {arXiv:1312.3005}
}

@article{hochreiter1997long,
  title={Long short-term memory},
  author={Hochreiter, Sepp and Schmidhuber, J{\"u}rgen},
  journal={Neural computation},
  volume={9},
  number={8},
  pages={1735--1780},
  year={1997},
  publisher={MIT Press}
}

@article{sparck1972statistical,
  title={A statistical interpretation of term specificity and its application in retrieval},
  author={Sparck Jones, Karen},
  journal={Journal of documentation},
  volume={28},
  number={1},
  pages={11--21},
  year={1972},
  publisher={MCB UP Ltd}
}

@article{saggion2017automatic,
  title={Automatic Text Simplification},
  author={Saggion, Horacio},
  journal={Synthesis Lectures on Human Language Technologies},
  volume={10},
  number={1},
  pages={1--137},
  year={2017},
  publisher={Morgan \& Claypool Publishers}
}

@inproceedings{coster2011learning,
  title={Learning to simplify sentences using wikipedia},
  author={Coster, William and Kauchak, David},
  booktitle={Proceedings of the workshop on monolingual text-to-text generation},
  pages={1--9},
  year={2011},
  organization={Association for Computational Linguistics}
}

@article{zhang2017sentence,
  title={Sentence simplification with deep reinforcement learning},
  author={Zhang, Xingxing and Lapata, Mirella},
  journal={arXiv preprint arXiv:1703.10931},
  year={2017}
}

@inproceedings{nisioi2017exploring,
  title={Exploring neural text simplification models},
  author={Nisioi, Sergiu and {\v{S}}tajner, Sanja and Ponzetto, Simone Paolo and Dinu, Liviu P},
  booktitle={Proceedings of the 55th Annual Meeting of the Association for Computational Linguistics (Volume 2: Short Papers)},
  volume={2},
  pages={85--91},
  year={2017}
}

@inproceedings{snow2008cheap,
  title={Cheap and fast---but is it good?: evaluating non-expert annotations for natural language tasks},
  author={Snow, Rion and O'Connor, Brendan and Jurafsky, Daniel and Ng, Andrew Y},
  booktitle={Proceedings of the conference on empirical methods in natural language processing},
  pages={254--263},
  year={2008},
  organization={Association for Computational Linguistics}
}

@inproceedings{lasecki2015measuring,
  title={Measuring text simplification with the crowd},
  author={Lasecki, Walter S and Rello, Luz and Bigham, Jeffrey P},
  booktitle={Proceedings of Web for All Conference},
  year={2015},
}

@inproceedings{callison2009fast,
  title={Fast, cheap, and creative: evaluating translation quality using Amazon's Mechanical Turk},
  author={Callison-Burch, Chris},
  booktitle={Proceedings of EMNLP},
  //pages={286--295},
  year={2009},
}

@inproceedings{zaidan2011crowdsourcing,
  title={Crowdsourcing translation: Professional quality from non-professionals},
  author={Zaidan, Omar F and Callison-Burch, Chris},
  booktitle={Proceedings of NAACL-HLT},
  //pages={1220--1229},
  year={2011},
}

@inproceedings{amancio2014analysis,
  title={An analysis of crowdsourced text simplifications},
  author={Amancio, Marcelo and Specia, Lucia},
  booktitle={Proceedings of the 3rd Workshop on Predicting and Improving Text Readability for Target Reader Populations (PITR)},
  //pages={123--130},
  year={2014}
}

@article{lee2014large,
  title={Large-scale linear ranksvm},
  author={Lee, Ching-Pei and Lin, Chih-Jen},
  journal={Neural computation},
  //volume={26},
  //number={4},
  //pages={781--817},
  year={2014},
  publisher={MIT Press}
}

@inproceedings{cao2007learning,
  title={Learning to rank: from pairwise approach to listwise approach},
  author={Cao, Zhe and Qin, Tao and Liu, Tie-Yan and Tsai, Ming-Feng and Li, Hang},
  booktitle={Proceedings of the 24th international conference on Machine learning},
  pages={129--136},
  year={2007},
  organization={ACM}
}

@inproceedings{liang2006alignment,
  title={Alignment by agreement},
  author={Liang, Percy and Taskar, Ben and Klein, Dan},
  booktitle={Proceedings of NAACL-HLT},
  //pages={104--111},
  year={2006},
}

@article{xu2016optimizing,
  title={Optimizing statistical machine translation for text simplification},
  author={Xu, Wei and Napoles, Courtney and Pavlick, Ellie and Chen, Quanze and Callison-Burch, Chris},
  journal={Transactions of the Association for Computational Linguistics},
  //volume={4},
  //pages={401--415},
  year={2016}
}


@InProceedings{SciPyProceedings_11,
  author =       {Aric A. Hagberg and Daniel A. Schult and Pieter J. Swart},
  title =        {Exploring Network Structure, Dynamics, and Function using NetworkX},
  booktitle =   {Proceedings of the 7th Python in Science Conference},
  pages =     {11 - 15},
  address = {Pasadena, CA USA},
  year =      {2008},
  editor =    {Ga\"el Varoquaux and Travis Vaught and Jarrod Millman},
}

@article{flesch1948new,
  title={A new readability yardstick.},
  author={Flesch, Rudolph},
  journal={Journal of applied psychology},
  volume={32},
  number={3},
  pages={221},
  year={1948},
  publisher={American Psychological Association}
}

@article{kincaid1975derivation,
  title={Derivation of new readability formulas (automated readability index, fog count and flesch reading ease formula) for navy enlisted personnel},
  author={Kincaid, J Peter and Fishburne Jr, Robert P and Rogers, Richard L and Chissom, Brad S},
  year={1975},
  publisher={Institute for Simulation and Training, University of Central Florida}
}

@book{mccall1926standard,
  title={Standard Test Lessons in Reading...},
  author={McCall, William Anderson and Crabbs, Lelah Mae},
  number={5},
  year={1926},
  publisher={Teachers College, Columbia University, Bureau of Publications}
}

@article{flesch1943marks,
  title={Marks of readable style; a study in adult education.},
  author={Flesch, Rudolf},
  journal={Teachers College Contributions to Education},
  year={1943}
}
@article{guo2018dynamic,
  title={Dynamic multi-level multi-task learning for sentence simplification},
  author={Guo, Han and Pasunuru, Ramakanth and Bansal, Mohit},
  journal={arXiv preprint arXiv:1806.07304},
  year={2018}
}

@article{vu2018sentence,
  title={Sentence simplification with memory-augmented neural networks},
  author={Vu, Tu and Hu, Baotian and Munkhdalai, Tsendsuren and Yu, Hong},
  journal={arXiv preprint arXiv:1804.07445},
  year={2018}
}

@inproceedings{li2018text,
  title={Text Simplification with Self-Attention-Based Pointer-Generator Networks},
  author={Li, Tianyu and Li, Yun and Qiang, Jipeng and Yuan, Yun-Hao},
  booktitle={International Conference on Neural Information Processing},
  pages={537--545},
  year={2018},
  organization={Springer}
}

@inproceedings{nisioi2017exploring,
  title={Exploring neural text simplification models},
  author={Nisioi, Sergiu and {\v{S}}tajner, Sanja and Ponzetto, Simone Paolo and Dinu, Liviu P},
  booktitle={Proceedings of the 55th Annual Meeting of the Association for Computational Linguistics (Volume 2: Short Papers)},
  pages={85--91},
  year={2017}
}

@inproceedings{alva2017learning,
  title={Learning how to simplify from explicit labeling of complex-simplified text pairs},
  author={Alva-Manchego, Fernando and Bingel, Joachim and Paetzold, Gustavo and Scarton, Carolina and Specia, Lucia},
  booktitle={Proceedings of the Eighth International Joint Conference on Natural Language Processing (Volume 1: Long Papers)},
  pages={295--305},
  year={2017}
}
@inproceedings{narayan2014hybrid,
  title={Hybrid simplification using deep semantics and machine translation},
  author={Narayan, Shashi and Gardent, Claire},
  year={2014}
}

@inproceedings{woodsend2011learning,
  title={Learning to simplify sentences with quasi-synchronous grammar and integer programming},
  author={Woodsend, Kristian and Lapata, Mirella},
  booktitle={Proceedings of the conference on empirical methods in natural language processing},
  pages={409--420},
  year={2011},
  organization={Association for Computational Linguistics}
}

@inproceedings{woodsend2011wikisimple,
  title={WikiSimple: Automatic simplification of wikipedia articles},
  author={Woodsend, Kristian and Lapata, Mirella},
  booktitle={Twenty-fifth AAAI conference on artificial intelligence},
  year={2011}
}

@inproceedings{zhu2010monolingual,
  title={A monolingual tree-based translation model for sentence simplification},
  author={Zhu, Zhemin and Bernhard, Delphine and Gurevych, Iryna},
  booktitle={Proceedings of the 23rd international conference on computational linguistics},
  pages={1353--1361},
  year={2010},
  organization={Association for Computational Linguistics}
}

@article{niklaus2019transforming,
  title={Transforming Complex Sentences into a Semantic Hierarchy},
  author={Niklaus, Christina and Cetto, Matthias and Freitas, Andre and Handschuh, Siegfried},
  journal={arXiv preprint arXiv:1906.01038},
  year={2019}
}

@inproceedings{nishihara2019controllable,
  title={Controllable text simplification with lexical constraint loss},
  author={Nishihara, Daiki and Kajiwara, Tomoyuki and Arase, Yuki},
  booktitle={Proceedings of the 57th Annual Meeting of the Association for Computational Linguistics: Student Research Workshop},
  pages={260--266},
  year={2019}
}

@inproceedings{zhu2015aligning,
  title={Aligning books and movies: Towards story-like visual explanations by watching movies and reading books},
  author={Zhu, Yukun and Kiros, Ryan and Zemel, Rich and Salakhutdinov, Ruslan and Urtasun, Raquel and Torralba, Antonio and Fidler, Sanja},
  booktitle={Proceedings of the IEEE international conference on computer vision},
  pages={19--27},
  year={2015}
}